<record xmlns="http://www.loc.gov/MARC21/slim" xmlns:xsi="http://www.w3.org/2001/XMLSchema-instance" xsi:schemaLocation="http://www.loc.gov/MARC21/slim http://www.loc.gov/standards/marcxml/schema/MARC21slim.xsd"><leader>     nam a22        4500</leader><controlfield tag="001">3171140</controlfield><controlfield tag="003">NNC</controlfield><controlfield tag="006">m        d        </controlfield><controlfield tag="007">cr cn |||m|||a</controlfield><controlfield tag="008">150601s1933    ua      o     000 0 ara d</controlfield><datafield ind1=" " ind2=" " tag="040"><subfield code="a">NNU</subfield><subfield code="b">eng</subfield><subfield code="c">NNU</subfield></datafield><datafield ind1=" " ind2="4" tag="050"><subfield code="a">D199.3</subfield><subfield code="b">.A518</subfield></datafield><datafield ind1="1" ind2=" " tag="100"><subfield code="6">880-01</subfield><subfield code="a">Ami&#772;n, Ah&#803;mad,</subfield><subfield code="d">1886-1954.</subfield></datafield><datafield ind1="1" ind2="0" tag="245"><subfield code="6">880-02</subfield><subfield code="a">D&#803;uh&#803;a&#769; &#700;al-&#700;Isla&#772;m</subfield><subfield code="h">[electronic resource] /</subfield><subfield code="c">ta&#700;li&#772;f &#700;Ah&#803;mad &#700;Ami&#772;n. Vols. 1 &amp; 3.</subfield></datafield><datafield ind1=" " ind2=" " tag="250"><subfield code="6">880-03</subfield><subfield code="a">&#700;al-T&#803;ab&#699;ah 1.</subfield></datafield><datafield ind1=" " ind2=" " tag="260"><subfield code="6">880-04</subfield><subfield code="a">&#700;al-Qa&#772;hirah :</subfield><subfield code="b">Lajnat &#700;al-Ta&#700;li&#772;f wa-&#700;al-Tarjamah wa-&#700;al-Nashr,</subfield><subfield code="c">[1933-1936]</subfield></datafield><datafield ind1=" " ind2=" " tag="300"><subfield code="a">online resource (v)</subfield></datafield><datafield ind1=" " ind2=" " tag="500"><subfield code="a">Part of the Arabic Collections Online (ACO) project, contributed by Columbia University Libraries.</subfield></datafield><datafield ind1=" " ind2=" " tag="504"><subfield code="a">Includes bibliographical footnotes.</subfield></datafield><datafield ind1="8" ind2=" " tag="505"><subfield code="6">880-05</subfield><subfield code="a">Vol. 1: al-H&#803;aya&#772;t al-ijtima&#772;&#699;i&#772;yah wa al-thaqa&#772;fa&#772;t al-mukhtalifah fi&#772;&#772; al-&#699;as&#803;r al-&#699;Abba&#772;si&#772; al-awwal. Vol. 3: al-H&#803;aya&#772;t al-&#700;ijtima&#772;&#699;i&#772;yah wa al-thaqa&#772;fa&#772;t al-mukhtalifah wa al-h&#803;araka&#772;t al-&#699;ilmi&#772;yah wa al-Firaq al-di&#772;ni&#772;yah fi&#772;&#772; al-&#699;as&#803;r al-&#699;Abba&#772;si&#772; al-awwal.</subfield></datafield><datafield ind1=" " ind2=" " tag="533"><subfield code="a">Electronic reproduction.</subfield><subfield code="b">New York, N.Y. :</subfield><subfield code="c">New York University,</subfield><subfield code="d">2015.</subfield><subfield code="5">NNU</subfield></datafield><datafield ind1=" " ind2="0" tag="651"><subfield code="a">Islamic Empire</subfield><subfield code="x">History.</subfield></datafield><datafield ind1=" " ind2="0" tag="651"><subfield code="a">Islamic Empire</subfield><subfield code="x">Civilization.</subfield></datafield><datafield ind1=" " ind2="7" tag="650"><subfield code="a">Civilization.</subfield><subfield code="2">fast</subfield><subfield code="0">(OCoLC)fst00862898</subfield></datafield><datafield ind1=" " ind2="7" tag="651"><subfield code="a">Islamic Empire.</subfield><subfield code="2">fast</subfield><subfield code="0">(OCoLC)fst01244134</subfield></datafield><datafield ind1=" " ind2="7" tag="655"><subfield code="a">History.</subfield><subfield code="2">fast</subfield><subfield code="0">(OCoLC)fst01411628</subfield></datafield><datafield ind1="2" ind2=" " tag="710"><subfield code="a">Columbia University.</subfield><subfield code="b">Libraries.</subfield></datafield><datafield ind1="0" ind2=" " tag="730"><subfield code="a">Arabic Collections Online.</subfield></datafield><datafield ind1="0" ind2="8" tag="776"><subfield code="i">Print version:</subfield><subfield code="a">Ami&#772;n, Ah&#803;mad, 1886-1954.</subfield><subfield code="t">D&#803;uh&#803;a&#769; &#700;al-&#700;Isla&#772;m</subfield><subfield code="w">(NNC)3171140</subfield><subfield code="w">(OCoLC)78148812</subfield></datafield><datafield ind1="4" ind2="0" tag="856"><subfield code="u">http://hdl.handle.net/2333.1/x69p8ghx</subfield></datafield><datafield ind1="1" ind2=" " tag="880"><subfield code="6">100-01/r</subfield><subfield code="a">&#1575;&#1605;&#1610;&#1606;&#1548; &#1575;&#1581;&#1605;&#1583;&#1548;</subfield><subfield code="d">1886-1954.</subfield></datafield><datafield ind1="1" ind2="0" tag="880"><subfield code="6">245-02/r</subfield><subfield code="a">&#1590;&#1581;&#1609; &#1575;&#1604;&#1575;&#1587;&#1604;&#1575;&#1605; /</subfield><subfield code="c">&#1578;&#1571;&#1604;&#1610;&#1601; &#1571;&#1581;&#1605;&#1583; &#1571;&#1605;&#1610;&#1606;.</subfield></datafield><datafield ind1=" " ind2=" " tag="880"><subfield code="6">250-03/r</subfield><subfield code="a">&#1571;&#1604;&#1591;&#1576;&#1593;&#1577; 1.</subfield></datafield><datafield ind1=" " ind2=" " tag="880"><subfield code="6">260-04/r</subfield><subfield code="a">&#1575;&#1604;&#1602;&#1575;&#1607;&#1585;&#1577; :</subfield><subfield code="b">&#1604;&#1580;&#1606;&#1577; &#1575;&#1604;&#1578;&#1571;&#1604;&#1610;&#1601; &#1608;&#1575;&#1604;&#1578;&#1585;&#1580;&#1605;&#1577; &#1608;&#1575;&#1604;&#1606;&#1588;&#1585;&#1548;</subfield><subfield code="c">[1933-1936].</subfield></datafield><datafield ind1="8" ind2=" " tag="880"><subfield code="6">505-05/r</subfield><subfield code="a">&#1700;&#1604;. 1: &#1575;&#1604;&#1581;&#1610;&#1575;&#1577; &#1575;&#1604;&#1575;&#1580;&#1578;&#1605;&#1575;&#1593;&#1610;&#1577; &#1608; &#1575;&#1604;&#1579;&#1602;&#1575;&#1601;&#1575;&#1578; &#1575;&#1604;&#1605;&#1582;&#1578;&#1604;&#1601;&#1577; &#1601;&#1610; &#1575;&#1604;&#1593;&#1589;&#1585; &#1575;&#1604;&#1593;&#1576;&#1575;&#1587;&#1610; &#1575;&#1604;&#1575;&#1608;&#1604;. &#1700;&#1604;. 3: &#1575;&#1604;&#1581;&#1610;&#1575;&#1577; &#1575;&#1604;&#1573;&#1580;&#1578;&#1605;&#1575;&#1593;&#1610;&#1577; &#1608; &#1575;&#1604;&#1579;&#1602;&#1575;&#1601;&#1575;&#1578; &#1575;&#1604;&#1605;&#1582;&#1578;&#1604;&#1601;&#1577; &#1608; &#1575;&#1604;&#1581;&#1585;&#1603;&#1575;&#1578; &#1575;&#1604;&#1593;&#1604;&#1605;&#1610;&#1577; &#1608; &#1575;&#1604;&#1601;&#1585;&#1602; &#1575;&#1604;&#1583;&#1610;&#1606;&#1610;&#1577; &#1601;&#1610; &#1575;&#1604;&#1593;&#1589;&#1585; &#1575;&#1604;&#1593;&#1576;&#1575;&#1587;&#1610; &#1575;&#1604;&#1575;&#1608;&#1604;.</subfield></datafield><datafield ind1=" " ind2=" " tag="959"><subfield code="a">NNU</subfield><subfield code="b">WEB</subfield><subfield code="c">GENI</subfield><subfield code="t">0</subfield><subfield code="m">Electronic access</subfield><subfield code="s">01</subfield></datafield><datafield ind1=" " ind2=" " tag="999"><subfield code="i">NNC_3171140</subfield><subfield code="o">(OCoLC)ocm78148812</subfield><subfield code="s">columbia_aco000535</subfield><subfield code="e">(ERROR-880)</subfield><subfield code="s">columbia_aco000535</subfield></datafield></record>